<?xml version="1.0" encoding="UTF-8"?><collection xmlns="http://www.loc.gov/MARC21/slim"><record><leader>00516nam--2200169-i-4500</leader><controlfield tag="001">000024219</controlfield><controlfield tag="002">20161230</controlfield><controlfield tag="005">20161230201035</controlfield><controlfield tag="008">060222s1000------------r-----000-0-eng-d</controlfield><datafield ind1=" " ind2=" " tag="040"><subfield code="a">IFIN-HH</subfield></datafield><datafield ind1=" " ind2=" " tag="080"><subfield code="a">543.061:539.184.56:538.971</subfield></datafield><datafield ind1="1" ind2=" " tag="100"><subfield code="a">Jabtonski, Aleksander</subfield></datafield><datafield ind1="1" ind2="0" tag="245"><subfield code="a">Quantitative analysis of solid surfaces by auger electron spectroscopy</subfield><subfield code="c">Aleksander jabtonski</subfield></datafield><datafield ind1=" " ind2=" " tag="260"><subfield code="a">Warszawa</subfield><subfield code="b">Institute Of Physical Chemistry</subfield><subfield code="c">1982</subfield></datafield><datafield ind1=" " ind2=" " tag="300"><subfield code="a">146 P</subfield></datafield><datafield ind1=" " ind2=" " tag="852"><subfield code="a">70825</subfield><subfield code="c">539.2</subfield></datafield><datafield ind1=" " ind2=" " tag="CAT"><subfield code="a">Sys</subfield><subfield code="c">20121106</subfield><subfield code="h">152540</subfield></datafield></record></collection>